3126 5024
460 518 500 566 na
524 518 700 581 rouaucav
724 519 761 568 nr
783 519 886 570 cussr
911 518 1048 568 caurus
1321 502 1360 564 55
1410 534 1413 540 ·

183 635 375 694 Paucissimi
389 635 563 713 navigandi
577 637 673 698 linem
693 656 757 699 non
774 639 927 709 fecerant,
946 637 1029 697 inter
1043 655 1122 714 qnos
1145 637 1274 714 Lesage,
1293 639 1358 715 qui,

145 727 302 804 Megellan
327 728 443 788 fretum
459 729 596 790 transire
613 731 732 806 frustra
748 737 891 802 conatus,
910 731 1020 807 nigros
1035 729 1069 790 in
1088 730 1236 791 Africano
1254 731 1359 790 littore

144 821 380 899 deprehensum
392 821 448 882 ivit
466 828 498 882 et
512 828 625 902 postea
640 824 786 903 Cayenne
802 823 928 902 appulit
943 825 995 883 ubi
1009 823 1112 897 sociis,
1126 842 1205 902 quos
1222 823 1359 901 primum

144 914 230 974 intra
259 934 345 976 mare
374 915 544 977 Pacificum
571 923 772 994 cognoverat,
804 935 915 977 rursus
943 916 1057 976 obvius
1086 923 1135 976 est
1163 919 1183 975 ¹.
1215 919 1276 976 llos
1302 935 1359 994 pro

138 1007 230 1067 -virili
244 1014 335 1088 parte
352 1007 455 1088 Cussy
471 1028 567 1088 quam
584 1011 786 1070 severissime
803 1008 971 1082 tractabat,
986 1015 1016 1070 ct
1030 1009 1069 1068 de
1086 1009 1182 1082 Graff,
1201 1019 1233 1069 ut
1249 1028 1361 1070 recens

144 1100 320 1161 honestiori
333 1101 416 1162 vitae
428 1103 581 1176 adscitus,
593 1103 698 1163 acrius
708 1106 804 1163 etiam
815 1103 1034 1163 insectabatur
1045 1121 1051 1162 :
1063 1120 1177 1162 navem
1187 1102 1359 1180 quamdam

144 1194 359 1254 britannicam
375 1213 394 1256 a
409 1195 537 1256 Gallicis
555 1197 669 1275 piratis
685 1203 822 1275 captam,
834 1195 929 1273 jussu
949 1196 1047 1274 Cussy
1062 1195 1264 1273 publicabat,
1281 1196 1358 1255 Des·

144 1293 260 1347 marets
278 1288 452 1367 arripiebat
468 1289 533 1368 qui,
550 1289 590 1348 ad
602 1289 692 1349 littus
708 1290 815 1350 Sancti
830 1288 990 1349 Dominici
1004 1295 1040 1347 ut
1053 1288 1268 1349 conscriberet
1283 1307 1359 1349 con·
1379 1367 1380 1370 Ἴ

143 1387 243 1440 sortes
258 1381 385 1443 venisse
397 1388 429 1442 et
441 1382 475 1442 in
488 1382 648 1460 Hispanos
663 1383 836 1443 crudeliter
848 1383 953 1460 egisse
969 1381 1145 1450 convictae,
1159 1401 1191 1441 ro
1201 1381 1357 1458 judicata,

143 1493 321 1553 suspensus
333 1480 382 1535 est
393 1476 418 1547 ²3
433 1477 492 1535 hoc
503 1476 642 1554 primum
653 1477 836 1556 accepimns
849 1475 981 1536 erimine
993 1475 1209 1553 praedationis
1221 1474 1358 1552 capitale

137 1567 307 1644 judicium.
324 1568 424 1628 Paulo
440 1575 564 1647 postea,
582 1588 680 1647 quum
701 1569 837 1648 piratae,
852 1570 986 1629 navibus
1005 1569 1037 1628 in
1057 1569 1225 1628 Britannos
1244 1569 1356 1646 captis,

143 1661 182 1720 ad
202 1661 300 1740 Cussy
319 1661 442 1726 litteras
462 1663 661 1742 postulantes
681 1663 839 1736 venirent,
861 1662 995 1740 legatus,
1019 1662 1136 1722 nedum
1156 1661 1356 1732 concederet,

142 1769 197 1815 eos
220 1754 359 1816 militare
380 1756 486 1832 coegit
510 1756 543 1815 in
567 1757 707 1817 exercitu
730 1774 824 1835 quem
851 1758 892 1816 ad
914 1755 1160 1834 expugnandum
1185 1755 1357 1832 quemdam

143 1848 358 1926 Hispanorum
376 1849 482 1909 vicum
498 1857 750 1927 comparaverat,
766 1849 894 1909 veniam
915 1867 991 1909 sane
1010 1849 1078 1910 vice
1098 1847 1258 1927 pollicitus
1273 1850 1294 1910 ³.
1312 1850 1358 1908 lta

143 1939 253 2021 Cussy,
266 1947 332 2002 tum
344 1941 477 2002 lenitate
490 1962 579 2016 usne,
593 1949 659 2002 tum
672 1943 816 2015 saevitia,
828 1960 1048 2020 quaecumque
1060 1941 1223 2002 evenirent
1233 1943 1264 2000 in
1278 1943 1357 2002 utile

141 2035 263 2112 aliquid
283 2040 406 2096 vertere
430 2037 561 2114 perituS,
582 2057 680 2114 quum
704 2037 820 2096 abhinc
841 2035 1007 2096 duodecim
1029 2053 1156 2095 menses
1176 2035 1357 2113 praedones

142 2128 265 2188 amari
290 2129 426 2190 Pacifico
453 2131 654 2201 redivissent,
681 2127 885 2208 praedicabat
914 2129 1022 2189 omnia
1048 2125 1226 2206 piratarum
1251 2127 1357 2189 saecla

140 2221 272 2281 vixisse.

179 2315 250 2391 lpse
263 2321 370 2376 tamen
381 2315 519 2392 quodam
533 2317 627 2376 modo
639 2316 844 2378 desiderabat
856 2317 934 2376 illud
947 2323 1054 2376 actum
1065 2334 1135 2376 esse
1147 2320 1274 2394 tempus
1288 2333 1351 2392 quo

140 2408 174 2466 in
189 2409 287 2468 Portu
304 2408 394 2468 Pacis
411 2409 521 2469 decem
534 2417 590 2469 aut
606 2410 774 2471 duodecim
791 2429 889 2471 naves
910 2429 1035 2490 semper
1050 2410 1219 2487 expeditae
1236 2410 1353 2480 forent,

140 2500 251 2561 multis
278 2501 434 2561 militibus
460 2502 630 2580 impavidis
659 2504 842 2576 instructae,
871 2503 926 2581 qui
956 2503 1100 2562 coloniae
1130 2503 1356 2562 commercium

140 2611 299 2671 agrosque
315 2599 497 2668 tuerentnr;
506 2596 574 2675 jam
589 2597 627 2655 ad
644 2597 859 2656 defensionem
878 2615 931 2654 eas
944 2595 1080 2655 deficere
1097 2594 1264 2662 scribebat,
1283 2594 1356 2654 hos·

139 2692 252 2772 tesqua
268 2688 410 2766 undique
427 2689 527 2750 Gallis
548 2689 690 2749 infensos
709 2690 839 2754 instare,
857 2689 1021 2766 proximos
1039 2689 1207 2766 Hispanos,
1227 2687 1306 2747 alias
1321 2688 1354 2746 in

140 2778 282 2856 Curacao
298 2783 445 2859 BatavoS,
458 2783 628 2842 Britannos
641 2781 788 2860 denique,
801 2800 882 2859 quos
897 2782 930 2841 in
945 2782 1086 2841 futurum
1103 2783 1240 2840 maxime
1256 2782 1354 2841 refor-

139 2873 296 2948 midabat3
315 2875 423 2954 itaque
445 2895 463 2934 a
483 2895 557 2952 rege
579 2876 831 2954 suppeditandos
851 2876 980 2936 colonos
1000 2880 1146 2952 oportere
1167 2875 1317 2934 censebat
1330 2875 1351 2930 ⁴.

137 2967 286 3028 Alienum
304 2974 411 3028 autem
427 2974 556 3047 tempus
573 2976 639 3028 erat
656 2976 690 3030 nt
706 2969 830 3047 aliquid
846 2989 864 3030 a
880 2989 954 3047 rege
970 2974 1149 3046 rogaretur;
1168 2967 1248 3027 inito
1268 2967 1352 3026 enim

139 3061 224 3120 bello
236 3061 274 3122 de
285 3064 429 3138 Angusta
442 3062 676 3123 Vindelicorum
687 3065 834 3123 societate
846 3063 942 3133 dieto,
956 3081 1010 3122 rex
1022 3062 1175 3138 optimam
1191 3077 1352 3138 quamque

139 3172 249 3214 navem
267 3155 306 3214 ad
323 3155 508 3216 Hiberniam
529 3156 670 3216 miserat.
686 3157 782 3235 Cnssy
798 3175 873 3233 ergo
893 3155 1050 3215 coloniam
1067 3155 1131 3213 suis
1151 3154 1268 3213 viribus
1284 3152 1354 3231 pol-

139 3246 205 3306 lere
223 3247 312 3308 nisus
329 3254 388 3322 est,
403 3249 536 3326 ideoque
550 3249 721 3309 nonnullos
737 3249 931 3328 praedonum
949 3253 1088 3307 rectores
1100 3247 1189 3307 varia
1202 3245 1354 3305 mandata

139 3340 376 3418 exsequijussit
388 3359 395 3402 :
409 3361 489 3420 quos
500 3343 717 3402 anterioribus
733 3342 825 3401 annis
841 3360 880 3401 ne
892 3346 1007 3401 nautas
1019 3341 1251 3400 conscriberent
1262 3357 1353 3417 prae-

138 3433 295 3510 pedierat,
309 3437 448 3507 eosdem,
462 3436 554 3495 annis
565 3437 641 3495 leae
654 3441 684 3495 et
697 3437 783 3509 1690,
798 3435 1040 3496 excursionibus
1055 3433 1140 3493 intra
1153 3432 1349 3492 Mexicanum

140 3525 246 3585 sinum
267 3545 336 3587 cum
358 3528 572 3607 praedonibus
592 3529 768 3606 praefecit:
791 3529 964 3599 BernanoS,
981 3547 1000 3588 a
1019 3529 1204 3588 Grammont
1224 3525 1348 3596 doctus,

139 3618 178 3678 de
197 3619 293 3692 Graii,
312 3623 424 3682 Petrus
439 3622 616 3681 Ambianus
637 3622 770 3682 navibus
791 3623 831 3682 ad
851 3622 882 3681 id
903 3621 1094 3700 comparatis
1115 3624 1277 3698 praesunt,
1294 3636 1352 3678 nee

139 3729 253 3790 parum
270 3714 403 3792 prolicit,
422 3734 520 3792 quum
534 3715 710 3776 Britannici
730 3717 852 3795 piratae
874 3717 1034 3792 publicam
1054 3732 1167 3774 navem
1184 3710 1351 3772 Constante

138 3821 251 3866 recens
277 3797 556 3886 deprehenderint,
585 3810 773 3886 legatusque
803 3808 960 3886 quosdam
984 3807 1089 3868 Gallos
1118 3805 1307 3885 suspicetur,
1334 3823 1352 3864 a

138 3898 253 3959 Sancto
275 3899 444 3960 ·Dominico
471 3903 633 3980 profugos,
661 3903 699 3962 iis
729 3903 847 3963 auxilio
876 3902 989 3972 fnisse3
1016 3901 1062 3960 ita
1087 3901 1185 3977 Gussy
1210 3898 1351 3958 laborem

138 3991 336 4067 intendebat,
370 4000 401 4053 et
429 3995 462 4052 in
492 3995 589 4055 Portu
618 3996 708 4056 Pacis
737 4015 834 4058 naves
864 4002 991 4073 praesto
1020 3993 1130 4053 adesse
1160 3992 1351 4052 observabat

169 4181 191 4228 t.
207 4180 239 4227 Le
253 4181 327 4236 Pare,
344 4182 397 4228 100.
462 4201 463 4206 ¹

168 4250 190 4298 2.
207 4251 261 4301 Col.
275 4252 355 4300 Arch.
374 4252 464 4301 Sancti
480 4253 556 4301 Dom.
575 4253 656 4316 leges,
671 4251 691 4312 l,
707 4255 745 4301 93.
760 4279 792 4288 -
806 4253 960 4301 Desmarets
976 4252 1020 4300 ille
1037 4251 1110 4300 idem
1126 4264 1186 4300 esse
1200 4251 1307 4299 videtur
1321 4249 1354 4298 de

146 4327 191 4384 luo
206 4323 415 4384 supradictum,
430 4337 487 4385 cap.
506 4339 534 4384 11,
554 4339 578 4385 p.
596 4326 634 4372 26.

168 4394 290 4456 anapia.
303 4395 354 4456 jul.
372 4397 511 4444 iceneol.
532 4396 611 4444 Areh.
629 4395 656 4444 C.
675 4395 704 4443 G.

169 4466 192 4514 l.
209 4465 294 4526 Epist.
308 4480 370 4528 ang.
385 4469 424 4516 el.
441 4469 511 4516 1689.
525 4467 575 4528 nt,
589 4467 626 4516 id.
