3126 5024
480 483 535 541 our
559 483 680 534 runnu
704 485 910 540 raincouuu
935 489 1024 540 riuis
1325 475 1363 538 59

142 603 300 678 locnsest,
318 602 358 662 iis
375 603 414 662 ad
427 602 599 663 historiam
620 603 730 665 Sancti
746 607 904 668 Dominici
921 608 1027 688 potius
1046 627 1142 686 quam
1165 609 1363 687 praedonum

142 697 377 776 spectantibus;
400 696 432 756 id
452 715 551 756 unum
575 697 655 757 mihi
679 700 1059 777 exponendnm‘ridetur
1078 702 1253 780 quomodo
1272 721 1363 781 prae-

144 789 242 850 dones
264 791 394 850 eolonos
418 790 538 855 auxilio
568 792 697 866 luerint,
725 797 853 854 auctore
875 794 1014 856 Ducasse
1041 794 1157 871 legata.
1184 794 1242 855 llle
1265 796 1362 870 enim,

143 883 372 962 Gussymorem
389 889 566 954 assecutus
580 892 850 962 paucosarmatos
866 905 993 966 semper
1009 887 1159 960 habebat,
1170 906 1227 948 nec
1243 890 1364 965 pariter

143 977 292 1036 omnibus
301 977 424 1036 litteras
435 976 584 1054 negabat,
596 996 695 1055 quum
707 987 827 1040 nautae
839 979 901 1048 isti,
914 980 1069 1058 piraticae
1079 980 1221 1040 nondum
1233 982 1363 1041 omnino

143 1069 247 1142 obliti,
267 1088 381 1147 agmen
402 1069 532 1142 mobile,
549 1089 677 1149 semper
699 1072 884 1150 expeditum
905 1079 1029 1146 essent;
1046 1090 1145 1150 quum
1165 1092 1246 1150 opus
1268 1081 1360 1145 esset,

143 1162 280 1240 pedibus
307 1164 481 1236 merebant,
508 1162 655 1224 hostibus
680 1183 808 1242 semper
835 1184 960 1226 summa
984 1167 1100 1225 virtute
1127 1166 1360 1240 intolerabiles;

143 1256 340 1334 praedonum
356 1257 461 1329 turba,
475 1257 579 1317 duma
594 1257 709 1334 legatis
725 1259 870 1337 inspecta
885 1259 1121 1332 continebatur,
1136 1258 1256 1320 colonis
1272 1261 1363 1337 quasi

143 1349 254 1410 schola
265 1349 450 1422 exsistebat,
462 1350 516 1409 ubi
530 1351 571 1410 ad
582 1350 703 1410 bellum
717 1370 786 1411 sese
799 1357 993 1412 exercerent.
1009 1353 1110 1423 Ouum
1121 1352 1260 1411 Ducasse
1272 1353 1363 1412 intel-

143 1442 257 1520 ligeret
278 1448 435 1521 quantum
458 1443 634 1521 praedones
657 1444 811 1523 prolicere
838 1449 1057 1524 quantumque
1083 1445 1193 1505 obesse
1218 1450 1360 1522 possent,

143 1534 208 1594 illis
230 1535 394 1617 tuentibus
413 1536 576 1596 nitebatur
599 1543 633 1598 ut
656 1556 808 1614 agrorum
831 1537 988 1597 cultorum
1011 1539 1214 1598 incrementis
1237 1537 1363 1614 colonia

143 1629 235 1688 citius
255 1618 663 1708 invalesceret'sensimque
685 1629 903 1708 praedonibus
920 1630 1000 1708 ipsis
1015 1649 1080 1690 non
1097 1636 1205 1708 egeret
1218 1631 1239 1688 ¹.

182 1723 274 1782 Anno
297 1724 385 1794 1699,
409 1722 699 1783 Britannosvicunr
720 1724 867 1800 Leogane
889 1723 1080 1784 invadentes
1102 1723 1224 1784 incolae
1244 1724 1362 1802 rejece-

142 1821 215 1874 runt
246 1816 409 1894 progressi
434 1835 496 1894 que
516 1816 651 1894 Hispani
680 1834 738 1895 per
760 1817 821 1876 iter
841 1823 993 1877 terrestre
1017 1836 1085 1879 sese
1107 1823 1306 1894 receperunt,
1328 1823 1362 1876 ut

57 1933 60 1940 ·
142 1909 316 1970 audierunt
337 1911 375 1970 de
398 1909 495 1982 Graii,
518 1929 589 1971 cum
610 1908 732 1989 aliquot
753 1910 980 1990 praedonibus,
1004 1910 1138 1970 insidias
1161 1910 1194 1969 in
1216 1909 1363 1970 laticibus

142 2004 317 2081 paravisse.
340 2003 394 2061 His
419 2009 526 2062 autem
547 2003 643 2062 sociis
670 2009 823 2081 utquam
849 2002 1022 2081 plurimum
1047 2007 1202 2076 uteretur,
1224 2003 1361 2062 Ducasse

143 2115 252 2156 eorum
279 2096 418 2156 indolem
446 2103 613 2175 expertus,
644 2095 764 2156 bellurn
789 2095 873 2156 ultro
902 2095 1104 2156 inferendum
1133 2095 1273 2169 censuit,
1304 2114 1361 2156 nec

141 2189 266 2249 hostem
278 2190 528 2267 exspectandum
543 2211 548 2249 :
562 2189 734 2250 nonnullas
745 2189 943 2268 praedonum
954 2203 1069 2249 manus
1079 2189 1110 2248 in
1120 2189 1296 2249 Jama'icam
1306 2195 1370 2250 aut,

142 2283 175 2341 in
209 2283 424 2362 Hispanorum
453 2289 564 2361 portus
593 2283 721 2344 assiduo
751 2283 925 2356 incitabat,
954 2282 1009 2361 qui
1037 2284 1172 2342 navibus
1198 2284 1361 2360 inopinato

142 2377 280 2453 egressi,
309 2377 458 2437 domibus
486 2377 633 2456 direptis,
664 2377 782 2436 eversis
810 2376 963 2436 saccharo
992 2375 1178 2435 fabricando
1208 2375 1358 2447 torculiS,

144 2469 261 2530 ablatis
297 2470 413 2547 nigris,
451 2469 671 2547 imprudentes
707 2467 926 2538 lacessebant;
965 2486 1003 2527 ea
1039 2475 1107 2528 erat
1142 2475 1308 2544 captorum
1344 2487 1360 2526 e

139 2564 283 2624 Jamaica
298 2563 464 2641 nigrorum
480 2563 573 2641 copia
591 2568 626 2622 ut
647 2562 732 2641 apud
745 2562 897 2622 Sanctum
917 2561 1116 2621 Dominicum
1138 2560 1216 2620 haec
1235 2561 1360 2619 Britan-

142 2674 256 2716 norum
278 2656 382 2716 insula
410 2680 424 2712 «
451 2660 552 2717 Parva
576 2655 697 2717 Guinea
727 2680 742 2710 »
767 2654 928 2714 diceretur
945 2653 973 2726 ²3
1001 2653 1194 2730 praedantes
1217 2653 1360 2730 quidam,

140 2755 244 2810 terrae
263 2756 350 2810 motu
369 2769 431 2828 quo
454 2752 598 2811 lamaica
620 2749 670 2808 die
686 2749 770 2833 ‚iunii
793 2751 830 2808 19
848 2767 931 2808 anno
955 2746 1035 2806 1693
1056 2745 1226 2816 laboravit,
1248 2746 1361 2826 deprc-

129 2843 233 2903 'hensi
260 2846 368 2903 sunit
386 2846 514 2924 Hostes,
534 2845 614 2921 quos
639 2843 839 2912 incursantes
860 2842 892 2902 vi
912 2840 1018 2902 delere
1039 2840 1260 2918 desperarent,
1282 2857 1362 2898 mer-

140 2937 215 2997 cede
232 2937 408 2998 conducere
424 2939 659 3014 excogitarunt,
672 2936 732 2996 boc
745 2942 852 2996 autem
870 2936 903 2994 in
918 2953 1057 2995 vanum:
1075 2937 1221 3010 Leoganc
1238 2932 1361 2992 incolae

141 3029 329 3091 Britannum
354 3027 503 3092 nuntium
531 3032 704 3109 asperrime
732 3034 933 3107 acceperunt,
964 3027 1029 3106 qui,
1064 3025 1200 3087 oratoris
1230 3027 1358 3084 nomine

141 3122 271 3200 abusuS,
297 3124 497 3203 propositum
520 3123 604 3183 istud
627 3122 759 3193 inierat3
782 3123 996 3198 Hispanorum
1024 3137 1154 3197 praeses
1179 3118 1210 3177 in
1243 3119 1358 3178 Sancto

142 3215 306 3276 Dominico
317 3218 355 3277 de
365 3217 453 3277 Grall
461 3209 684 3294 pollicebatur,
694 3215 720 3275 si
731 3215 880 3294 Hispanis
892 3212 1040 3272 famulari
1049 3211 1230 3281 assentiret,
1239 3211 1359 3287 optimo

139 3309 275 3389 imperio
291 3311 325 3370 in
341 3310 475 3372 navibus
486 3309 623 3388 publicis
639 3328 707 3369 esse
724 3307 917 3378 ornandum,
931 3307 968 3366 de
981 3324 1056 3383 quo,
1068 3323 1179 3383 quum,
1193 3309 1266 3380 post
1282 3302 1360 3361 duos

125 3421 252 3474 -annoS,
269 3407 303 3464 in
318 3405 478 3465 Gallorum
497 3402 718 3463 Promontorio
737 3421 801 3461 non
819 3419 936 3478 magna
956 3403 1101 3470 conatus
1119 3415 1188 3457 sese
1210 3397 1358 3466 dedisset,

139 3498 280 3558 Ducasse
309 3497 741 3574 delectionem'suspicatus,
770 3492 992 3573 quaestionem
1021 3491 1202 3563 coustituit3
1232 3490 1291 3548 hoc
1321 3489 1360 3547 de

140 3592 230 3653 Graii
253 3598 320 3652 erat
342 3591 488 3670 injuriae,
508 3597 603 3670 prout
630 3590 662 3649 in
691 3591 850 3668 Hispanos
874 3585 1052 3665 suspicioso
1079 3591 1109 3644 et
1135 3584 1186 3643 vel
1209 3581 1360 3642 officiosis

140 3686 271 3746 minime
287 3685 400 3746 festivo
411 3708 417 3760 ;
430 3692 465 3745 ut
481 3678 588 3744 autem
601 3702 715 3763 parum
732 3683 766 3742 iu
780 3684 899 3769 oppido
916 3682 1092 3759 imperator
1106 3679 1152 3737 ita
1167 3677 1305 3737 multum
1327 3677 1360 3732 in

141 3780 345 3858 praedatoria
360 3797 439 3840 nave
455 3786 560 3840 rector
576 3778 704 3838 valebat
717 3778 736 3837 ⁴.
943 3763 949 3777 ¹

180 3875 354 3934 Maximum
383 3892 421 3933 ea
449 3877 642 3950 tempestate
673 3870 854 3948 praedones
880 3872 1066 3948 expugnata
1090 3867 1232 3925 lamaica
1257 3859 1359 3942 (1691)

140 3966 292 4028 illustrati
307 3972 403 4028 sunt:
421 3965 619 4044 septingenti
635 3966 761 4025 circiter
777 3981 886 4022 mense
898 3961 991 4039 junio
1007 3979 1026 4020 a
1040 3960 1143 4020 Parvo
1163 3957 1269 4017 Gouve
1287 3972 1361 4032 pro-

173 4158 195 4204 1.
211 4155 298 4217 Epist.
315 4154 441 4204 Ducasse.
456 4154 510 4204 Col.
527 4153 608 4201 Arcti.
626 4153 652 4201 C.
667 4151 695 4198 G.
713 4154 739 4199 et
753 4149 784 4197 H.

171 4230 195 4275 2.
212 4226 260 4288 ld,
280 4230 435 4274 mart-nov.
450 4227 519 4274 1692.
538 4225 585 4286 let,
601 4224 638 4272 id.
654 4250 685 4258 -
701 4218 872 4279 Charlevoix,
887 4219 919 4279 ll,
933 4219 988 4266 242.

172 4302 195 4418 i.
211 4298 423 4430 Hdcldgdd’ddidt.
440 4371 519 4416 mart.
536 4369 607 4425 1692,
625 4379 686 4414 nov.
705 4366 775 4424 1693,
791 4377 853 4428 aug.
868 4364 943 4419 16953
960 4358 1039 4422 epist.
1058 4358 1159 4408 ducum
1180 4356 1360 4416 Hispanorum

142 4442 175 4490 ad
190 4442 223 4491 de
239 4441 319 4500 Graii,
333 4440 382 4502 jul.
400 4443 468 4488 1695.
485 4439 539 4488 Col.
555 4438 635 4486 Arch.
652 4438 679 4486 C.
695 4438 724 4486 G.
738 4439 764 4484 et
777 4435 808 4484 H.
824 4462 855 4470 -
868 4434 906 4482 Cl.
917 4433 975 4481 tib.
993 4432 1062 4480 tica.
1088 4441 1091 4448 ·
