3126 5024
428 524 617 574 ASSATORES
641 524 675 575 IN
701 525 829 608 SANC‘lO
854 526 1015 578 llOllllNICO
1291 513 1330 575 15

99 650 196 725 Rupe
212 645 297 706 dicto
313 642 539 716 consederunt,
558 642 671 704 incolis
693 642 854 723 promissa
869 644 1014 705 fecerunt
1030 665 1064 706 se
1085 665 1149 706 non
1164 647 1205 707 ad
1220 648 1332 708 Levas-

22 807 23 812 ,
63 746 70 758 '
99 759 179 802 seur
192 737 455 800 consuetudinem
468 740 607 811 acturos,
621 742 653 796 et
668 737 792 816 aliquot
805 737 969 798 mensibus
985 739 1115 819 elapsis,
1129 739 1175 799 nil
1185 739 1222 801 de
1240 760 1330 820 prae·

23 821 24 824 ¹
98 833 209 894 teritis
234 830 405 892 memorari
428 828 608 901 videbatur,
633 849 730 908 quum
755 830 846 890 navis
869 830 991 892 Galliae
1014 832 1152 910 publica,
1176 853 1191 893 e
1213 835 1329 896 Sancto

98 924 335 1003 christophoro
352 923 505 1001 profecta,
522 921 690 983 Testudini
706 922 844 1002 appulit.

108 1043 111 1049 ·
142 1018 201 1080 Cui
219 1019 422 1099 praepositus
441 1018 605 1095 Fontenay
629 1021 790 1094 praeerat,
808 1031 827 1076 a
845 1016 966 1097 Poincy
991 1019 1104 1080 missus
1120 1026 1154 1080 ut
1177 1021 1328 1082 Sanctum

98 1112 302 1174 Dominicum
321 1111 352 1169 in
367 1109 513 1171 ordinem
528 1110 686 1186 redigeret
701 1115 732 1169 et
748 1113 923 1171 Levasseur
938 1112 1113 1192 expelleret
1131 1132 1138 1172 :
1156 1133 1228 1174 eum
1244 1116 1328 1176 euim

100 1225 176 1268 esse
211 1205 414 1265 interfectum
445 1203 587 1263 nondum
622 1203 654 1262 in
691 1204 805 1263 Sancto
842 1204 1072 1282 Christopboro
1104 1212 1214 1267 notum
1248 1213 1325 1270 erat.

22 1331 23 1334 ¹
101 1301 235 1379 Poincy,
253 1302 347 1376 pacto
368 1296 419 1357 die
435 1297 474 1355 29
493 1295 581 1369 maii,
600 1314 686 1355 anno
708 1297 785 1356 1652
802 1296 996 1375 subscriptO,
1014 1299 1053 1359 ad
1071 1299 1238 1362 dimidium
1255 1321 1327 1362 cum

100 1395 269 1471 Fontcnay
285 1389 440 1470 quidquid
458 1389 537 1449 lucri
556 1395 744 1469 emergeret,
758 1389 944 1469 participari
956 1391 1142 1454 decreverat
1158 1394 1187 1456 ¹:
1207 1419 1222 1450 a
1239 1395 1328 1468 Quod

100 1487 140 1548 ad
155 1487 332 1546 Levasseur
347 1485 472 1557 attinet,
488 1483 548 1543 hoc
565 1484 782 1543 consentimus
798 1502 945 1563 quaeque
968 1486 1007 1545 ab
1030 1503 1067 1546 eo
1089 1487 1326 1564 possideantur,
1344 1540 1347 1544 .

101 1597 218 1640 aurum
238 1582 483 1655 argentumque,
504 1581 572 1637 tum
594 1575 746 1637 infectum
768 1583 833 1636 tum
856 1577 1028 1651 monetale,
1052 1597 1206 1658 gemmas,
1229 1600 1327 1641 orna-

101 1678 221 1745 menta,
240 1671 365 1743 fundos,
381 1669 533 1730 saccharo
550 1675 579 1730 et
596 1689 699 1748 aquae
716 1670 842 1731 ardenti
857 1671 1055 1732 fabricandis
1071 1673 1193 1734 torcnla
1210 1676 1328 1734 machi·

101 1783 213 1842 nosve,
238 1762 468 1842 supellectilem
496 1768 527 1823 et
556 1763 595 1822 ad
625 1782 716 1823 usum
745 1763 948 1842 personalem
977 1771 1008 1824 et
1037 1767 1076 1825 ad
1103 1766 1325 1844 domesticum,

102 1877 215 1920 servos
240 1863 281 1930 et,
298 1875 337 1918 ne
361 1856 475 1933 multa,
491 1857 622 1934 quaevis
638 1857 705 1934 ejus
716 1875 787 1918 esse
808 1863 942 1931 constet,
961 1858 994 1917 in
1011 1859 1091 1920 duas
1107 1867 1216 1938 partes
1232 1881 1326 1941 pares

22 2027 23 2034 ἵ
104 1950 217 2025 dividi,
235 1950 369 2013 alteram
389 1949 472 2010 dicto
493 1948 598 2028 legato
615 1950 744 2028 Poiney,
767 1949 901 2010 alteram
922 1951 1006 2010 dicto
1033 1953 1131 2030 equiti
1149 1955 1323 2034 Fontenay,

100 2043 244 2123 exceptis
263 2049 371 2104 tamen
389 2060 470 2120 quae
489 2060 555 2102 non
575 2059 704 2102 movere
725 2060 855 2103 necesse
872 2043 914 2102 sit
930 2048 965 2103 ut
980 2062 999 2103 a
1014 2047 1172 2125 susceptis
1193 2047 1327 2109 indicta

21 2149 22 2152 ’
103 2137 209 2198 insula
228 2137 379 2214 operibus
398 2153 462 2196 non
483 2139 635 2196 cessetur.
663 2157 678 2191 »
700 2136 725 2194 Α
749 2135 865 2214 quibus
889 2135 1096 2196 manifestum
1120 2144 1179 2212 est,
1200 2158 1264 2200 non
1287 2140 1325 2202 de

102 2230 189 2309 regis
210 2229 348 2291 utilitate
369 2228 432 2306 agi,
450 2228 506 2288 sed
527 2229 565 2289 de
587 2228 799 2307 quorumdam
817 2229 995 2291 commodo.
1015 2232 1182 2313 Fontenay
1201 2234 1232 2292 iu
1250 2235 1326 2295 Tes-

21 2347 23 2364 .
103 2324 217 2386 tudine
232 2322 371 2383 Thibaut
393 2327 425 2382 et
444 2322 560 2381 Martia
581 2322 712 2400 reperit,
731 2324 906 2382 Levasseur
927 2323 1088 2384 interfecti
1108 2344 1323 2401 successores;

20 2419 22 2476 ἶ
104 2419 245 2497 primum
268 2415 508 2484 obsistentibus
535 2433 608 2475 mox
633 2414 861 2476 verecundiam
882 2417 927 2476 ita
952 2417 1025 2477 fecit
1047 2423 1083 2478 ut
1106 2418 1326 2482 interfectores

20 2557 22 2582 ³
104 2511 274 2572 citantibus
289 2508 401 2570 incolis
418 2507 584 2569 castellum
601 2507 638 2568 de
654 2509 741 2587 Rupe
756 2508 888 2582 dictum,
900 2511 966 2570 vita
982 2515 1074 2587 pacto
1085 2511 1172 2585 data,
1189 2532 1324 2575 vacuum

20 2591 23 2640 Γ
103 2603 333 2683 relinquerent.
356 2605 419 2662 Nos
443 2601 526 2680 fugit
550 2606 669 2680 quanta
693 2601 789 2662 fuerit
813 2605 986 2662 Levasseur
1007 2603 1192 2664 divitiarum
1213 2609 1322 2684 copia;

104 2697 238 2758 dubium
254 2695 411 2756 estetiam
428 2713 469 2755 an
486 2693 605 2773 Poincy
620 2694 786 2754 dimidium
805 2695 975 2774 acceperit.
994 2697 1146 2775 Princeps
1162 2699 1325 2779 Fontenay

104 2809 173 2852 sese
190 2790 270 2851 dixit
292 2813 305 2844 a
331 2806 439 2866 arege
457 2786 625 2848 Testudini
646 2792 677 2846 et
697 2787 805 2848 Sancti
824 2787 980 2848 Dominici
1001 2788 1164 2850 littoribus
1184 2793 1325 2869 praefec-

20 2953 21 2956 Ἴ
106 2891 189 2958 tum;
204 2907 219 2939 ι)
231 2882 285 2962 qni
301 2882 444 2942 omnium
457 2882 615 2941 factorum
631 2879 853 2960 dictorumque
866 2883 994 2942 veniam
1009 2884 1160 2958 decrevit,
1173 2890 1205 2946 ct
1217 2888 1325 2948 catho-

20 2963 21 3018 Ῑ
107 2978 203 3039 licam
218 2976 314 3036 fidem
327 2973 465 3037 restituit
479 2976 500 3034 ².

20 3067 22 3144 ζ
145 3071 211 3142 0υο
238 3069 333 3130 modo
361 3068 445 3128 inter
471 3067 550 3128 haec
575 3066 760 3127 discrimina
784 3069 970 3130 Testudinis
994 3069 1118 3132 incolae
1141 3073 1325 3134 exstiterint

20 3167 23 3236 ³,
107 3162 285 3226 notandum
306 3179 418 3223 censeo
441 3167 537 3238 :post
554 3162 732 3222 Levasseur
746 3161 896 3233 occisum,
915 3163 955 3223 ab
979 3163 1238 3226 interfectoribus
1258 3171 1325 3246 regi

20 3243 22 3316 5
109 3275 210 3336 aequo
230 3255 338 3316 animo
357 3253 513 3328 tulerant;
530 3254 604 3314 huic
624 3253 739 3315 deinde
755 3257 919 3335 Fontenay
939 3256 1109 3317 succedere
1132 3268 1322 3334 annuerunt,

20 3393 22 3400 ·
107 3370 172 3432 qua
199 3369 233 3411 re
268 3349 396 3410 videtur
428 3365 539 3408 eorum
568 3347 637 3426 jam
670 3350 834 3428 propriam
864 3367 933 3409 esse
963 3349 1089 3410 vivendi
1117 3350 1325 3432 lucrandique

107 3445 275 3519 rationem,
292 3461 351 3502 nec
364 3459 418 3524 eos¹
433 3442 471 3503 dc
486 3441 582 3501 rebus
601 3440 715 3500 iisdem
732 3459 854 3512 curare,
870 3443 985 3519 quibus
1001 3461 1144 3517 erroncS,
1162 3446 1194 3504 in
1218 3446 1326 3508 insula

20 3553 22 3628 j
107 3557 170 3599 non
185 3535 247 3597 nisi
263 3554 302 3597 ex
315 3541 458 3612 tempore
472 3534 658 3610 insidentes,
673 3533 759 3594 etad
775 3535 955 3612 vagandum
973 3537 1203 3615 promptiores;
1216 3540 1249 3600 in
1266 3542 1326 3602 hoc

20 3633 22 3696 i
109 3637 229 3692 tantum
243 3628 474 3690 conveniebant
490 3627 575 3705 quod
592 3626 754 3705 Hispanis,
773 3629 899 3706 utrique
917 3648 1066 3689 verusne
1084 3631 1190 3706 modo,
1208 3632 1325 3694 infensi

20 3709 22 3784 i
108 3726 211 3784 forent
235 3741 241 3784 :
268 3720 334 3794 alii,
352 3721 476 3798 piratae
498 3720 646 3781 indomiti
670 3721 708 3780 de
732 3719 848 3798 quibus
870 3721 955 3781 infra
976 3722 1072 3783 latius
1096 3724 1265 3798 disseram,
1284 3729 1325 3788 ad

20 3795 22 3896 ξ
108 3823 226 3878 terram
239 3833 302 3875 non
319 3812 526 3894 appellebant
542 3813 603 3872 nisi
618 3832 716 3891 quum
733 3813 837 3891 spolia
859 3814 1020 3895 deponere
1038 3822 1091 3877 aut
1114 3836 1212 3878 naves
1235 3839 1325 3900 repa-

20 3951 22 3970 >
109 3929 176 3973 rare
193 3927 274 3987 opus
292 3913 394 3980 esset;
411 3907 476 3980 alii,
491 3913 649 3967 assatores
664 3906 802 3984 primum
819 3910 986 3967 etsensim
1004 3908 1044 3970 ad
1061 3929 1155 3986 agros
1173 3911 1324 3976 colendos

20 3985 22 4002 ⁴
166 4003 210 4081 gis
234 4007 330 4081 atque
352 3999 457 4078 magis
477 3999 607 4074 assueti,
627 4000 714 4059 domi
739 3999 908 4074 sedebant,
932 4020 1014 4079 quus
1039 4008 1145 4064 tamen
1172 4005 1324 4085 Hispanis

175 4249 232 4297 Hoc
245 4250 353 4308 pactum
367 4246 395 4295 in
409 4246 464 4296 Col.
481 4246 559 4296 Arch.
577 4250 714 4296 servatum
732 4247 785 4307 (H.‚
801 4248 853 4295 rol.
870 4248 899 4310 l),
916 4241 1042 4297 Dutertre
1059 4249 1093 4298 ad
1110 4251 1223 4300 verbum
1245 4252 1329 4300 refert

162 4321 217 4382 ss).
238 4318 259 4368 Α
282 4317 484 4379 subscriptione
503 4317 601 4366 confici
626 4321 715 4379 potest
736 4339 746 4358 «
768 4316 801 4366 de
826 4319 965 4381 Fontenay
989 4320 1022 4368 de
1044 4320 1327 4384 Lonvilliers·Poincy‚

161 4391 225 4439 item
238 4389 399 4449 »,eun1dem
417 4402 477 4438 esse
494 4402 526 4438 ac
541 4389 615 4437 illum
632 4388 732 4450 Poincy
747 4389 829 4450 legati
847 4395 983 4452 nepotem,
999 4392 1033 4440 dc
1049 4405 1103 4453 quo
1117 4407 1199 4455 supra
1214 4394 1327 4444 dictum.

175 4465 310 4524 Dutertre‚
325 4463 373 4513 loc.
386 4464 431 4515 cit.
445 4491 477 4502 -
493 4465 528 4514 Le
545 4464 618 4523 Pers,
631 4465 670 4513 80.
684 4491 716 4500 —
728 4463 786 4513 tib.
801 4467 872 4514 lios.
