3126 5024
410 523 416 531 .
475 487 676 548 corruatur
700 490 904 542 raxanouuu
929 492 1018 543 riuis
1319 483 1359 568 63

140 629 206 672 666
225 626 379 688 prospere
397 613 628 679 successerunt,
646 608 769 676 occisos
789 608 854 670 imo
875 614 1051 690 praedones
1072 613 1223 693 perdidit,
1242 617 1359 693 quibus

139 705 276 766 Sanctus
290 700 475 762 Dominicus
486 700 705 761 defensoribus
720 702 822 762 caruit
835 705 855 761 ¹.
869 702 1012 782 Optimos
1027 706 1060 766 in
1072 707 1208 768 navibus
1220 708 1358 788 publicis

141 803 294 870 rectores,
309 813 406 875 quum
423 795 461 853 de
477 791 663 871 praedando
679 803 836 872 ageretur,
855 795 1055 862 humillimus
1071 800 1207 878 quisque
1224 805 1357 880 praeda-

140 891 242 952 toriae
258 889 351 949 navis
363 887 558 966 gubernator
573 887 756 964 superabat,
769 891 961 967 errabatque
976 893 1122 952 minister
1135 913 1234 972 quum
1248 895 1359 956 incon-

140 982 302 1044 venientia
311 977 474 1060 jungeret,
491 997 549 1040 nec
565 981 788 1042 recordaretur
802 982 879 1060 quid
899 1001 937 1044 ca
955 985 1080 1045 ratione
1101 987 1258 1048 d'Estrees
1276 991 1360 1050 inter

143 1077 322 1137 batavicum
339 1074 461 1135 bellum
474 1074 509 1132 in
523 1072 664 1134 deterius
680 1081 764 1135 esset
777 1083 938 1152 expertus.
1005 1111 1012 1120 -

181 1172 271 1228 Anno
289 1176 396 1228 tamen
417 1168 505 1238 1696,
523 1168 722 1244 propositum
746 1169 901 1246 probavit,
920 1170 1073 1230 abarone
1094 1172 1215 1233 Pointis
1230 1175 1357 1246 initum,

7 1247 13 1272 '
38 1261 41 1268 '
103 1257 105 1262 ’
141 1264 326 1323 centurione
339 1267 370 1322 et
380 1260 548 1320 tormentis
561 1263 688 1320 navium
701 1261 849 1323 curandis
860 1261 1004 1341 principe
1016 1265 1176 1340 praelecto
1185 1268 1209 1326 ²:
1223 1267 1357 1328 classem

7 1421 8 1438 ξ
43 1437 46 1441 ¹
141 1375 209 1416 esse
233 1354 412 1416 ornandam
433 1353 593 1414 scribebat
614 1353 762 1414 minister
781 1355 821 1414 ad
844 1356 994 1429 Ducasse,
1015 1376 1096 1435 quae
1118 1357 1202 1419 inter
1220 1361 1357 1422 Antilias

140 1468 239 1510 naves
267 1449 482 1525 Hispanorum
512 1447 678 1508 onerarias
705 1454 903 1526 capesseret.
933 1450 1009 1509 Erat
1037 1457 1144 1510 autem
1173 1471 1225 1512 res
1255 1455 1356 1514 multo

61 1580 73 1594 .·
140 1544 304 1621 amplior:
327 1541 450 1602 Pointis
471 1540 570 1613 enim,
590 1559 776 1620 quanquam
800 1541 838 1602 de
861 1541 921 1602 hoc
944 1543 1091 1621 plerique
1115 1546 1266 1606 certiores
1292 1566 1358 1607 non

139 1642 231 1699 erant
247 1635 332 1709 sacti,
351 1635 552 1710 Carthaginis
571 1637 677 1694 Novae
698 1636 933 1712 expugnandae
954 1636 1116 1711 studebat;
1135 1655 1191 1698 rex
1211 1640 1358 1718 publicas

142 1749 237 1791 naves
259 1729 444 1808 praebebat,
466 1727 634 1808 inquibus
655 1727 746 1790 miles
767 1729 901 1808 quisque
922 1735 957 1789 ut
977 1731 1081 1791 officio
1104 1731 1231 1809 publico
1254 1753 1358 1794 mere-

141 1831 228 1885 retur
244 1825 265 1884 1.
289 1823 397 1882 Μ6666
417 1827 543 1882 tantum
563 1821 748 1897 septembri,
767 1823 880 1882 nuntio
899 1824 1026 1900 nauigio
1046 1825 1174 1886 nomine
1194 1824 1356 1904 16616616,

141 1921 281 1980 Ducasse
297 1934 316 1975 a
331 1916 452 1974 Pointis
466 1914 633 1993 proposita
647 1921 737 1995 parte
754 1915 862 1993 aliqua
877 1917 967 1976 novit
984 1938 990 1976 :
1009 1917 1124 1994 quibus
1138 1925 1173 1978 ut
1188 1920 1356 1994 conterret,

140 2029 249 2072 omnes
273 2012 305 2068 in
328 2008 453 2069 colonia
472 2008 582 2085 copias
604 2008 635 2067 in
656 2007 830 2086 primisque
849 2009 1028 2086 praedones
1052 2027 1246 2088 congregare
1262 2013 1357 2090 jube-

140 2105 250 2177 batnr;
272 2121 338 2175 666,
362 2100 524 2162 detinendi
549 2119 657 2174 causa,
681 2101 891 2180 persuaderet
911 2101 1068 2180 Hispanos
1085 2103 1152 2180 jam
1173 2107 1206 2164 in
1231 2124 1268 2166 eo
1292 2125 1358 2167 esse

142 2203 175 2258 ut
194 2199 345 2257 Sanctum
360 2194 562 2255 Dominicum
583 2194 698 2254 iterum
715 2195 903 2255 invaderent
910 2213 918 2270 ;
936 2197 981 2255 ita
1000 2201 1116 2256 nautas
1133 2196 1219 2257 mille
1237 2205 1294 2258 aut
1312 2200 1359 2259 bis

140 2296 319 2362 sexcentos,
339 2307 412 2348 cum
433 2287 553 2348 Pointis
577 2286 795 2348 arbitrabatur
819 2288 987 2366 expeditos
1010 2289 1129 2350 habere
1156 2310 1259 2369 posse.
1283 2294 1359 2352 Post

138 2386 219 2445 duos
237 2401 364 2444 menses
384 2387 521 2451 tantum,
539 2374 787 2441 Pontchartrain
808 2400 915 2441 secum
935 2386 1064 2459 reputat
1082 2374 1235 2443 'Sanctum
1252 2385 1358 2444 Domi-

139 2477 246 2538 nicum
257 2478 289 2535 in
299 2475 471 2536 discrimen
484 2474 599 2534 adduci
614 2493 678 2535 non
694 2480 854 2554 oportere,
865 2481 899 2534 ut
915 2475 1037 2552 aliquot
1053 2476 1266 2553 Hispanorum
1283 2478 1356 2538 civi·

138 2576 221 2631 tates
242 2569 449 2647 diripiantur,
466 2574 497 2627 et
516 2569 655 2628 Dncasse
672 2567 712 2628 ad
732 2568 764 2627 id
784 2573 911 2627 tantum
933 2566 1054 2627 Pointis
1075 2570 1224 2629 auxiliari
1246 2571 1356 2631 indicit

138 2670 174 2725 ut
191 2663 331 2742 primum
348 2661 556 2741 provinciam,
570 2662 620 2722 cui
639 2663 707 2740 ipse
727 2661 906 2737 praelectus
921 2661 972 2729 sit,
986 2679 1050 2720 non
1063 2661 1263 2722 indefensam
1289 2667 1356 2724 sine

138 2756 305 2835 praesidiis
321 2755 448 2815 deserat
462 2754 483 2815 ⁴.

181 2853 269 2912 Hanc
282 2849 442 2908 rationem
458 2850 610 2919 Ducasse,
628 2864 811 2924 quanquam
828 2847 977 2906 minister
991 2847 1142 2906 Sanctum
1159 2847 1357 2908 Dominicum

141 2963 204 3006 nou
233 2943 457 3020 negligendum
486 2941 647 3012 censebat,
671 2958 785 3016 parum
813 2939 1059 3017 comprobabat;
1086 2947 1218 3018 accepta
1248 2947 1356 3001 tamen

139 3037 290 3098 mandata
313 3040 494 3106 exsecutus
519 3033 702 3093 advenienti
730 3035 771 3093 ad
795 3033 933 3093 insulam
959 3033 1092 3104 Pointis
1120 3034 1284 3094 occidente
1310 3035 1357 3095 ie-

138 3129 268 3191 bruario
293 3129 381 3201 1697,
406 3132 616 3204 congregatos
639 3126 802 3203 praestitit
824 3126 949 3186 circiter
969 3132 1138 3186 sexcentos
1165 3127 1356 3204 praedones,

138 3239 271 3302 parvam
289 3227 478 3282 venatorum
500 3237 643 3292 manum,
668 3219 885 3297 ducentosque
906 3219 1030 3296 nigros;
1058 3223 1187 3280 centum
1209 3224 1240 3279 et
1263 3221 1371 3296 quim.

137 3318 292 3397 quaginta
305 3315 424 3375 milites
440 3333 479 3373 ex
494 3312 629 3374 diversis
648 3311 794 3390 portibus
814 3311 1035 3372 convocandos
1052 3312 1185 3389 insuper
1203 3312 1352 3373 habebat.

137 3413 273 3471 Ducasse
288 3409 327 3468 ad
344 3409 524 3467 ministrum
541 3405 714 3484 scripserat
729 3412 885 3482 quantum
901 3404 1100 3483 propositam
1116 3424 1135 3464 a
1151 3404 1270 3465 Pointis
1286 3406 1357 3466 Gar-

138 3501 281 3580 thaginis
300 3503 405 3560 Novae
424 3500 694 3578 expugnationem
719 3497 882 3558 laboribus
902 3498 1030 3574 plenam
1052 3498 1266 3571 existimaret3
1286 3517 1355 3560 esse

138 3595 220 3656 enim
238 3593 319 3654 hanc
335 3592 447 3652 urbem
466 3591 560 3651 vallis
580 3591 661 3652 bene
683 3592 851 3664 munitam,
868 3607 968 3669 eaque
984 3593 1054 3668 ipsa
1069 3596 1273 3668 tempestate,
1290 3611 1356 3670 qua

138 3688 219 3749 Galli
234 3688 388 3764 impetum
403 3686 508 3746 facere
525 3685 715 3761 cogitarent,
732 3685 954 3762 praesentibus
970 3684 1134 3762 galionum
1149 3686 1265 3756 nautis,
1283 3685 1354 3762 plu-

138 3782 225 3843 ribus
245 3798 341 3858 quam
363 3781 504 3857 quinque
524 3778 651 3838 milibus
672 3777 809 3837 militum
829 3778 1007 3851 defensam;
1021 3795 1121 3856 quum
1140 3777 1258 3836 divitiis
1278 3777 1355 3837 diri-

168 4013 190 4060 1.
212 4012 297 4074 116161.
323 4015 391 4063 1696.
415 4014 470 4063 Col.
493 4014 573 4062 Arcb.
602 4013 672 4076 regis
697 4013 834 4072 mandata,
859 4011 942 4061 Insui.
966 4012 1055 4060 Amer.
1082 4011 1134 4059 vol.
1160 4011 1304 4058 1691-1691.
1328 4033 1357 4043 -

146 4082 175 4132 ll.
190 4083 358 4144 Charlevoix‚
373 4085 422 4136 loc.
440 4085 484 4134 cit.

165 4156 188 4202 1.
205 4177 215 4196 ι
234 4155 372 4220 Capitaine
394 4160 537 4205 entretenu
558 4160 584 4204 61
604 4153 792 4204 commissaire
809 4154 916 4213 general
936 4153 969 4201 de
989 4151 1138 4202 l'artillerie
1157 4150 1190 4199 de
1211 4163 1315 4200 manne
1334 4167 1356 4209 r,

145 4239 190 4275 iaec
203 4231 245 4275 est
259 4227 368 4288 publica
382 4226 486 4276 Pointis
502 4227 660 4285 auctoritas,
677 4239 708 4274 ex
726 4225 842 4288 epistola
854 4224 904 4285 jul.
921 4225 959 4273 25.
977 4226 1045 4274 1696.
1062 4224 1117 4274 Col.
1134 4222 1214 4272 Arcb.
1230 4222 1261 4269 H.

165 4300 189 4345 9.
207 4297 291 4359 Epist.
308 4300 386 4346 mart.
403 4299 426 4346 l.
442 4301 469 4346 et
481 4297 529 4361 jul.
547 4298 585 4346 25.
604 4299 672 4346 1696.
691 4295 741 4356 ld.,
755 4296 792 4344 id.

165 4370 188 4416 1.
206 4367 279 4428 Epis.
298 4368 364 4416 min.
380 4367 414 4416 ad
426 4369 553 4428 Ducasse,
570 4371 639 4430 sept.
655 4369 699 4427 263
715 4381 777 4417 nov.
795 4369 833 4415 11.
851 4367 920 4416 1696.
935 4364 1017 4415 16111.
1035 4367 1063 4415 G.
1076 4391 1107 4401 —
1121 4364 1201 4426 Regis
1216 4362 1353 4420 mandata,

166 4439 185 4490 l.
203 4439 248 4488 cit.
1294 4453 1295 4458 ¹
