3126 5024
489 483 545 542 our
569 484 690 536 rusum
714 485 917 537 ralubon-uu
941 487 1030 538 aruis
1096 547 1099 552 ,
1332 477 1370 538 ot

157 603 260 676 multi,
284 621 300 662 e
324 601 439 663 Sancto
461 602 689 682 christophoro
711 609 766 664 aut
790 603 905 666 Sancta
927 607 1024 667 Gruce
1050 608 1089 667 ab
1112 611 1372 689 expugnantibus

154 695 316 768 Britannis
332 696 467 775 expulsi,
485 698 517 755 in
533 698 648 756 Sancto
664 696 827 757 llorninico
843 698 1071 774 consederant,
1090 720 1169 779 quos
1180 704 1215 762 in
1230 705 1372 764 Jamai'ca

156 791 334 867 praedones
350 790 457 868 nigros
468 791 681 868 arripuerant,
694 791 819 866 legatus
834 791 919 852 inter
934 792 1050 854 fundos
1066 800 1096 854 et
1106 795 1259 858 saccharo
1276 780 1371 858 labri-

156 883 257 944 cando
282 882 407 944 torcula
430 881 579 942 distribui
599 882 749 961 jusserat,
777 884 937 964 idemque,
964 886 1121 966 indigenti
1145 889 1270 967 cuique,
1297 891 1370 950 dum

154 976 265 1037 sedere
278 975 487 1054 promitteret,
500 977 672 1048 humanus,
685 977 851 1053 pecuniam
870 977 1126 1042 instrumentave
1141 983 1181 1042 de
1192 1002 1249 1044 suo
1261 1003 1371 1044 nume·

153 1070 261 1142 rabat;
284 1069 361 1130 fides
381 1075 429 1141 est
448 1069 622 1129 enimcum
642 1069 759 1128 divitiis
779 1089 905 1148 semper
927 1073 960 1131 in
979 1073 1151 1134 utilitatem
1173 1075 1369 1156 privatorum

149 1168 210 1224 aut
230 1163 425 1240 reipublicae
445 1163 543 1222 fuisse
566 1181 660 1223 usum
680 1163 700 1223 ¹.
723 1164 767 1222 Eo
791 1169 920 1240 auctore
944 1165 1131 1243 praedones,
1155 1187 1254 1246 quum
1278 1169 1370 1230 bellis

154 1257 255 1329 navic,
279 1262 350 1334 post
371 1256 529 1333 direptam
548 1257 734 1327 Jamaicam,
755 1275 818 1316 non
838 1256 1043 1331 ditescerent,
1066 1278 1180 1320 uxores
1200 1261 1233 1320 in
1254 1262 1369 1323 Sancto

152 1350 317 1409 Dominico
336 1348 505 1420 duxerunt,
527 1367 585 1408 nec
602 1349 643 1408 ad
667 1349 885 1426 praedandum
908 1367 1053 1427 unquam
1075 1353 1213 1431 amplius
1237 1357 1370 1431 proiecti

152 1449 243 1516 sunt,
262 1443 440 1520 priscorum
456 1441 645 1516 colonorum
660 1440 753 1502 liberi
770 1442 893 1520 aliquot
909 1445 941 1502 iu
956 1444 1092 1504 Galliam
1109 1446 1199 1506 missi
1215 1453 1299 1523 sunt,
1315 1449 1369 1525 qui

151 1535 334 1614 disciplinis
345 1536 578 1607 excolerentur,
589 1535 724 1612 ideoque
735 1537 874 1596 Dueassc
887 1533 1075 1597 ostendebat
1091 1556 1161 1598 sese
1173 1558 1237 1599 una
1247 1540 1368 1600 Galliae

151 1629 330 1707 Sanctoque
346 1628 509 1688 Dominico
530 1626 703 1688 consulere.
722 1628 865 1706 Epistola
884 1630 1024 1708 quadam
1045 1630 1163 1692 ad-nos
1183 1651 1284 1710 usque
1306 1652 1369 1692 ser-

151 1728 237 1794 vata,
250 1741 314 1799 quo
328 1721 422 1781 modo
434 1739 485 1780 res
496 1721 682 1801 prosperius
693 1727 813 1799 ageret,
824 1723 1003 1800 accepimus
1016 1741 1022 1782 :
1036 1742 1100 1801 qua
1109 1725 1227 1801 praedo
1239 1726 1369 1786 nomine

150 1814 291 1876 Durieux
311 1833 416 1893 quem,
439 1814 470 1872 in
490 1815 631 1874 Jamaica
651 1820 781 1891 captum
803 1833 822 1874 a
842 1815 1013 1880 Britannis,
1036 1836 1110 1877 mox
1132 1819 1306 1894 fugientem
1329 1819 1369 1878 ad

152 1908 299 1970 Sanctum
314 1904 513 1968 Dominicum
527 1907 679 1984 piraticae
691 1907 887 1986 poenitebat,
902 1927 920 1966 a
933 1911 1072 1969 Dueassc
1084 1909 1292 1971 sedulitatem
1302 1913 1370 1971 olfi-

151 2001 271 2062 ciosam
287 2001 444 2082 postulat;
462 2016 531 2060 sese
552 2000 788 2079 inspectaque
806 2000 941 2074 laboret,
960 2001 1155 2077 infelicitate,
1173 2004 1207 2062 in
1226 2005 1368 2064 futurum

152 2115 171 2155 a
185 2094 370 2173 praedando
385 2111 509 2154 cessare
524 2093 617 2167 velle,
636 2093 785 2172 domique
801 2092 926 2166 sedere;
943 2093 1059 2172 legato,
1078 2095 1133 2174 qui
1150 2095 1259 2155 multis
1275 2115 1369 2175 pecu-

150 2190 205 2248 nia
220 2187 388 2266 adjuverit,
405 2186 515 2247 eadem
532 2204 617 2246 nunc
637 2185 861 2246 benevolentia
883 2205 951 2260 uso,
971 2186 1093 2247 nullum
1115 2206 1256 2266 unquam
1274 2207 1367 2250 accu-

150 2283 249 2342 ratius
275 2300 341 2342 esse
368 2280 601 2350 famulaturum
623 2279 645 2339 ³.
669 2281 790 2340 Recens
816 2280 953 2340 Dueassc
976 2286 1133 2342 statuerat
1157 2288 1192 2342 ut
1214 2288 1327 2361 captas
1350 2302 1369 2342 a

149 2374 368 2454 praedonibus
397 2391 492 2433 naves
519 2373 663 2433 Britanni
690 2373 799 2432 statim
818 2373 851 2434 in
878 2373 1007 2433 Gallicis
1035 2374 1181 2452 portibus
1210 2375 1368 2436 redimere

150 2475 291 2546 possent,
309 2485 409 2544 eoque
430 2466 520 2526 multi
541 2467 581 2526 ad
601 2466 787 2536 sedendum,
810 2469 949 2543 acceptis
969 2467 1122 2540 nummis,
1140 2468 1366 2544 indulgebant;

149 2561 238 2627 vicis,
260 2567 295 2621 ut
317 2578 474 2637 quemque
493 2559 563 2620 loeo
584 2558 714 2618 meliore
736 2560 873 2638 positum
896 2559 1108 2632 existimabat,
1127 2560 1283 2636 augendis
1303 2567 1367 2620 stu·

151 2655 255 2728 debat,
280 2673 382 2732 eaque
409 2657 600 2732 tempestate
627 2652 776 2724 Testudo,
800 2653 883 2712 unde
908 2647 1035 2724 colonia
1064 2652 1201 2713 oriunda
1225 2660 1304 2724 erat,
1327 2655 1367 2714 ad

150 2753 292 2807 nativam
310 2749 493 2807 uastitatem
513 2745 692 2817 revertebat
710 2763 717 2805 :
737 2746 820 2805 «vix
842 2745 886 2805 ibi
906 2745 1073 2822 sexaginta
1091 2752 1230 2819 manent,
1247 2748 1302 2825 qui
1318 2765 1368 2807 res

151 2840 282 2901 liberius
298 2845 407 2918 agant,
425 2841 545 2900 sensim
561 2844 668 2899 autem
684 2839 724 2898 ad
740 2841 872 2899 Portum
888 2839 978 2898 Pacis
994 2838 1101 2899 cuncti
1112 2828 1301 2899 transibunt
1314 2864 1327 2894 a
1344 2842 1365 2897 ³.

150 2936 215 2994 Hoc
231 2934 429 3011 praedonum
442 2931 679 3010 receptaculum
694 2931 810 3005 deseri,
824 2932 1002 3010 praedones
1013 2933 1103 3012 ipsos
1117 2933 1150 2992 in
1165 2951 1281 2993 novum
1298 2951 1366 2992 esse

150 3033 300 3098 mutatos
322 3029 447 3103 signum
462 3031 523 3103 est.v

190 3121 292 3190 Quum
308 3119 465 3198 paulatim
482 3119 608 3180 colonia
624 3118 788 3179 Gallorum
804 3121 837 3178 in
852 3119 969 3179 Sancto
989 3118 1156 3178 Dominico
1177 3119 1218 3178 ad
1238 3119 1367 3179 modum

149 3219 328 3274 ceterarum
343 3212 378 3272 in
393 3213 520 3273 Antiliis
535 3212 800 3285 conformaretur,
818 3211 921 3290 magis
937 3217 1032 3289 atque
1048 3211 1150 3288 magis
1164 3229 1235 3270 eam
1258 3231 1275 3270 a
1297 3212 1378 3271 lon·

149 3307 271 3386 ginquo
292 3306 423 3383 regendi
440 3305 555 3384 cupido
578 3311 657 3375 crat,
683 3311 714 3364 et
737 3304 869 3382 legatus,
896 3323 950 3365 seu
976 3304 1125 3363 ministro
1141 3303 1286 3382 jubente,
1305 3323 1366 3383 seu

150 3401 291 3478 principe
314 3401 346 3458 in
370 3400 483 3459 insulis
507 3399 613 3476 legato
638 3398 837 3458 dominatum
861 3415 1010 3459 exercere
1034 3397 1188 3474 studioso,
1212 3397 1299 3457 haud
1322 3397 1368 3456 ita

149 3492 284 3553 liberius
301 3487 416 3570 agebat
431 3511 438 3553 ι
453 3494 588 3552 Dueassc
604 3493 701 3568 igitur
716 3490 844 3562 blenau,
862 3491 953 3568 cujus
967 3490 1101 3568 imperio
1116 3491 1287 3568 pendebat,
1302 3508 1366 3550 non

151 3585 252 3648 amieo
274 3585 448 3648 utebatur:
470 3586 510 3645 ab
531 3586 727 3657 annotetur,
746 3583 1023 3644 concedendarum
1049 3583 1264 3664 praedonibus
1283 3583 1367 3643 litte·

149 3699 257 3742 rarum
286 3679 339 3758 jus
371 3677 511 3738 sibiuni
539 3677 736 3753 vindicabat,
756 3683 787 3736 et
810 3677 926 3737 Blduae
955 3677 1058 3736 verbis
1078 3695 1191 3754 parum
1214 3676 1365 3736 modestis

150 3779 261 3834 contra
282 3771 471 3851 disputanti,
489 3770 564 3850 quid
586 3771 646 3830 sibi
668 3770 792 3831 licitum
816 3775 970 3846 censeret,
988 3769 1190 3847 significabat
1211 3790 1218 3828 :
1243 3787 1307 3828 non
1333 3770 1364 3828 in

146 3869 264 3929 Sancto
285 3865 450 3926 Dominico
470 3883 533 3936 res,
556 3868 592 3924 ut
615 3865 647 3923 in
667 3865 779 3924 ceteris
804 3862 928 3936 maulia,
946 3865 998 3939 agi
1015 3881 1118 3941 posse,
1137 3881 1235 3941 quum
1252 3880 1289 3922 ea
1303 3881 1366 3922 una

149 3961 330 4020 rtraedones
359 3959 509 4019 continuo
537 3957 698 4035 praebeat,
724 3959 859 4034 ideoque
885 3956 926 4015 ad
949 3956 1015 4035 ejus
1041 3956 1182 4034 legatum
1207 3955 1366 4033 pertineat

162 4056 272 4114 itteras
302 4052 487 4121 concedere,
519 4051 596 4134 imo·
619 4049 656 4110 de
688 4051 787 4130 captis
816 4049 972 4110 decimam
1009 4067 1151 4124 sumere;
1182 4048 1362 4117 Biitannos,

179 4288 202 4334 1.
218 4285 257 4334 Cl.
273 4281 441 4343 Charlevoix,
457 4281 488 4342 ll,
504 4283 558 4330 261.
623 4305 624 4310 =

178 4357 201 4403 2.
214 4354 300 4416 Epist.
316 4358 368 4403 oct.
387 4355 425 4402 15.
442 4353 512 4402 toul.
527 4353 580 4401 Col.
598 4352 677 4400 Arch.
694 4351 720 4402 C.
736 4353 764 4400 G.

178 4429 200 4476 3.
216 4425 301 4488 Epist.
315 4428 467 4474 mart-nov.
481 4425 549 4473 1692.
563 4423 602 4472 ld.
619 4422 650 4471 H.
