3126 5024
435 487 625 540 ASSATORES
649 486 683 538 IN
707 485 835 538 81ΝοΤο
860 487 1022 538 ooulnlce
1299 477 1338 539 13

104 626 211 670 naves
234 607 444 685 appellerent,
467 605 585 685 quibus
608 607 687 667 haec
710 611 871 667 mutarent
896 624 953 684 pre
976 607 1059 680 vine,
1084 627 1168 687 aqua
1190 611 1334 688 ardente,

18 703 19 706 ’
100 701 182 773 tela,
198 700 306 773 armis,
319 701 463 778 pulvere,
477 700 650 778 glandibus
665 701 842 778 ceterisque
853 699 1107 780 quibuscumque
1125 704 1333 780 utebantur¹;

102 813 172 872 que
195 795 352 864 censente,
381 799 533 854 venatum
561 792 720 855 redibant.
745 794 790 852 lde
816 792 932 854 deinde
956 795 1014 854 l'uit
1041 793 1123 856 inter
1151 796 1259 859 Galles
1286 818 1338 860 ne·

103 888 272 964 gotiantes
288 886 472 960 aemulatio,
490 893 526 948 ut
542 887 674 967 quidam
690 887 868 947 introrsum
881 891 1062 966 pergerent,
1081 891 1338 971 venantibusque
1387 887 1390 891 ’

106 986 317 1042 occurrentes
340 981 427 1040 intra
449 979 562 1041 silvam
589 986 787 1041 mercaturas
810 981 954 1041 facerent
976 999 982 1041 :
1007 981 1166 1059 d’Ogeron
1191 984 1258 1058 ille,
1282 987 1338 1065 qui

107 1074 201 1153 prius
219 1075 403 1151 negotiatus
423 1079 473 1133 est
491 1092 588 1151 quam
604 1093 622 1134 a
636 1093 712 1152 rege
728 1072 895 1134 Testudini
911 1075 1092 1152 praefectus
1112 1077 1204 1149 leret,
1223 1097 1337 1140 navem

108 1167 278 1246 quondam
301 1168 386 1239 vino,
415 1185 500 1246 aqua
530 1168 662 1228 ardente
681 1166 905 1246 ‘obligatisque
940 1169 1072 1245 profuse
1101 1177 1267 1232 oneratam
1296 1172 1336 1233 ad

111 1266 296 1322 assaturam
308 1260 418 1320 littora
433 1261 538 1334 duxit;
557 1279 619 1340 que
641 1267 748 1321 autern
771 1278 929 1338 egressus,
945 1260 1026 1321 alios
1041 1279 1216 1341 occupasse
1236 1267 1333 1339 nevit,

109 1358 303 1432 tantamque
333 1354 457 1432 copiam
490 1355 696 1431 importatum
731 1354 848 1426 luisse,
880 1359 916 1415 ut
949 1355 1173 1435 quodcumque
1205 1357 1336 1420 haberet

18 1445 19 1448 ’
111 1446 280 1526 dispendio
302 1447 439 1507 vendere
468 1451 636 1524 cogeretur
665 1450 686 1505 ².
712 1449 778 1508 Hec
802 1447 899 1508 etiam
922 1453 1010 1524 patet
1040 1451 1216 1510 maximum
1238 1451 1336 1514 fnisse

18 1563 19 1568 ¹
109 1543 198 1601 inter
230 1541 390 1619 Europam
422 1538 693 1618 Testudincmque
729 1541 977 1614 commercium,
1014 1541 1101 1619 quod
1134 1543 1269 1623 obligati
1304 1546 1336 1606 in

111 1634 253 1694 insulam
274 1641 359 1695 certo
376 1637 489 1714 pretio,
507 1640 540 1694 ut
556 1652 641 1694 nunc
661 1653 680 1693 a
699 1634 881 1714 praecipuis
896 1634 1121 1695 Britannorum
1134 1636 1336 1700 Gallorumve

111 1728 319 1789 societatibus
352 1726 517 1799 usitatum,
547 1726 752 1787 vehebantur
782 1747 788 1788 :
819 1728 917 1788 libras
952 1747 1009 1788 sex
1039 1735 1070 1790 et
1099 1731 1338 1810 quinquaginta

18 1815 20 1892 ᾗ
110 1825 233 1887 viritim
262 1825 343 1886 solvi
373 1825 528 1886 solebant.
560 1826 750 1886 Assatorum
781 1825 943 1904 principes
979 1832 1046 1888 tum
1080 1829 1142 1906 ipsi
1178 1831 1335 1911 Europam

111 1919 273 1980 interdum
290 1919 441 2000 petebant
456 1921 511 1998 qui
533 1919 690 1995 obligatos
709 1919 838 1999 aliaque
856 1920 1039 1981 necessaria
1055 1921 1117 1981 sibi
1133 1922 1335 2002 colligerent,

112 2018 180 2073 turn
196 2014 307 2097 amicis
322 2016 355 2072 iu
368 2012 472 2073 Gallia
486 2013 668 2073 viventibus
680 2013 887 2073 mandatores
900 2010 1077 2074 utebantur
1092 2015 1114 2077 ³.

157 2107 277 2184 Peincy
314 2113 422 2168 tamen
461 2106 620 2167 coloniam
654 2124 672 2164 a
706 2108 881 2166 Levasseur
914 2105 1095 2179 conditam,
1131 2113 1165 2168 ut
1200 2109 1336 2170 nimium

113 2199 292 2273 florentem,
311 2199 399 2260 haud
422 2217 523 2278 aequo
546 2198 653 2259 animo
676 2198 879 2270 intuebatur;
904 2200 943 2259 ab
968 2199 1112 2278 epistolis
1133 2220 1216 2279 quas
1242 2203 1336 2262 annis

113 2295 191 2352 1613
215 2299 249 2353 et
274 2291 409 2352 lotrad
431 2292 592 2353 societatis
614 2291 789 2368 magistros
815 2291 974 2353 scribebat
997 2293 1111 2354 confici
1135 2300 1241 2372 petest
1262 2314 1335 2356 eum

18 2395 19 2398 ’
68 2437 72 2441 .
114 2386 244 2463 saepius
260 2385 416 2446 illustrare
432 2386 507 2464 quid
524 2385 566 2446 sit
582 2385 718 2466 periculi
730 2387 761 2444 in
772 2385 833 2445 hac
848 2385 941 2464 quasi
955 2386 1097 2462 suijuris
1114 2389 1289 2465 republica,
1304 2396 1335 2450 et

113 2478 152 2538 ab
163 2480 313 2539 hereticis
323 2479 511 2552 constituta,
525 2477 715 2556 amagistris
728 2477 826 2556 igitur
837 2479 965 2558 jussum
977 2479 1161 2556 postulavit,
1175 2487 1209 2540 ut
1221 2483 1336 2543 Levas-

112 2589 185 2632 seur
213 2578 415 2632 revocaretur
444 2578 475 2632 et
503 2574 633 2645 invitos,
661 2573 687 2632 si
717 2572 806 2632 leret·
823 2589 915 2650 opus,
940 2572 1158 2650 expelleretur
1181 2575 1208 2648 l;
1234 2594 1334 2654 quum

18 2707 20 2710 -
114 2670 221 2726 autem
243 2684 295 2725 res
320 2668 430 2743 magni
451 2666 606 2726 momenti
636 2670 731 2737 esset,
757 2683 815 2725 nec
837 2665 870 2723 in
901 2664 1003 2724 aleam
1034 2665 1187 2740 dandum,
1216 2668 1335 2749 Peincy

18 2809 19 2812 ,
113 2759 251 2837 primum
270 2764 405 2819 cenatus
424 2764 472 2818 est
488 2758 652 2819 aemulum
668 2760 846 2818 Levasseur
862 2757 930 2818 sine
946 2757 1030 2818 belle
1047 2758 1174 2833 tellere;
1193 2778 1287 2839 quern
1303 2761 1335 2821 in

18 2879 19 2884 ι
113 2851 272 2930 Hispanos
288 2852 442 2913 victorem
457 2870 521 2912 nen
537 2850 597 2911 nisi
614 2853 737 2912 cantius
755 2851 887 2936 aggredi
903 2849 1052 2911 audebat.
1068 2853 1115 2912 Ad
1127 2852 1335 2913 Testudinem

18 2997 19 3000 ,
113 2947 210 3022 igitur
244 2951 409 3025 nepotem,
440 2945 567 3004 nemine
604 2943 801 3016 Lenvilliers
833 2944 930 3017 misit,
962 2945 1016 3023 qui
1054 2963 1124 3005 curn
1161 2949 1337 3007 Levasseur

18 3043 20 3104 J
114 3056 292 3098 sermonem
321 3037 439 3098 habere
465 3039 586 3098 amicus
609 3038 784 3109 affectaret,
808 3037 968 3097 coloniam
998 3056 1073 3098 vere
1096 3057 1210 3099 novam
1230 3040 1335 3099 ‘simul

18 3151 20 3154 ·
113 3132 272 3203 conderet,
290 3133 381 3210 cujus
400 3130 616 3190 aemulatione
638 3132 817 3190 Levasseur
834 3147 980 3208 quaeque
1003 3129 1091 3191 lucra
1114 3131 1279 3208 colligeret
1301 3137 1334 3191 ut

18 3211 20 3292 ζ
115 3231 196 3284 esset
209 3231 303 3287 antea
315 3229 445 3301 pactum
461 3224 577 3302 partiri
594 3228 782 3301 cogeretur:
796 3243 814 3283 a
829 3223 1016 3283 Lenvilliers
1029 3225 1205 3284 Levasseur
1220 3225 1332 3284 huma-

18 3357 20 3406 3
114 3317 198 3378 niter
217 3324 347 3394 regatus
370 3323 429 3388 est,
449 3323 483 3376 ut
508 3316 547 3376 ad
570 3317 719 3376 Sanctum
747 3314 1015 3392 Christepherum
1038 3317 1197 3390 transiret,
1223 3316 1332 3396 ibique

18 3433 19 3470 3
114 3430 183 3472 curn
202 3413 318 3490 Peincy
339 3410 607 3482 communicaret,
625 3409 759 3470 cavebat
780 3415 885 3469 autem
907 3408 971 3482 ille,
990 3427 1085 3487 quem
1104 3429 1167 3470 nen
1189 3409 1332 3471 fefellere

113 3505 264 3578 insidiae;
294 3503 483 3564 Lenvilliers
508 3503 548 3563 ad
574 3502 765 3564 avunculum
791 3521 865 3562 mex
888 3520 1046 3576 reversae,
1068 3504 1166 3564 verba
1191 3505 1335 3564 narravit

112 3598 285 3659 Levasseur
307 3615 404 3674 quam
426 3595 621 3656 amicissIma
643 3595 781 3668 dedisse,
805 3595 850 3655 nil
873 3601 981 3655 autem
1007 3596 1148 3674 amplius
1169 3597 1330 3670 daturum,

18 3689 21 3762 ἶ
113 3692 194 3753 unde
210 3691 314 3770 patuit
330 3689 418 3750 illurn
440 3689 517 3768 quid
533 3688 653 3748 valeret
669 3687 763 3766 plane
779 3695 891 3750 netum
907 3687 1042 3759 habere,
1053 3707 1112 3750 nec
1125 3689 1273 3764 inimicis
1292 3708 1331 3749 ex

18 3771 20 3846 ἐ
111 3785 276 3862 utriusque
302 3783 472 3844 commodo
497 3800 606 3842 rerum
635 3781 928 3861 componendarum
957 3780 1062 3842 studio
1091 3781 1233 3857 illusum,
1261 3800 1332 3843 sese

111 3877 301 3939 traditurum
316 3878 340 3937 ⁵.

19 3955 20 3968 ¹
148 3971 229 4031 nuin
252 3970 328 4043 ime,
356 3977 391 4030 ut
414 3967 601 4030 Lenvilliers
627 3971 790 4047 proiectus
819 3975 877 4044 est,
899 3972 1074 4030 Levasseur
1097 3970 1130 4028 in
1159 3969 1333 4029 Testudine

190 4159 318 4217 lutertre‚
335 4157 378 4217 ΙΙΙ,
393 4159 445 4205 111,

190 4231 316 4286 lutertre,
330 4228 373 4284 111,
388 4229 441 4276 lla.
456 4227 534 4276 —Le
550 4228 624 4287 Pers,
641 4228 679 4276 79.

181 4299 332 4359 OExmelin,
349 4299 420 4359 1,12.

179 4371 233 4421 llae
245 4369 378 4432 epistolae
394 4369 421 4416 in
438 4369 491 4418 Cel.
507 4368 587 4418 Arclr.
604 4368 634 4417 H.
651 4372 774 4417 servatae
790 4373 863 4432 sunt.

182 4443 319 4501 Dutertre,
333 4439 353 4502 Ι,
368 4441 419 4497 168,
437 4453 478 4502 sq.
